<?xml version="1.0" encoding="UTF-8"?><record xmlns="http://www.loc.gov/MARC21/slim" xmlns:cinclude="http://apache.org/cocoon/include/1.0" xmlns:zs="http://www.loc.gov/zing/srw/">
  <leader>03256cz  a2200265n  4500</leader>
  <controlfield tag="001">no2015055292</controlfield>
  <controlfield tag="003">DLC</controlfield>
  <controlfield tag="005">20150508153726.0</controlfield>
  <controlfield tag="008">150426n| azannaabn          |n aaa     c</controlfield>
  <datafield tag="010" ind1=" " ind2=" ">
    <subfield code="a">no2015055292</subfield>
    <subfield code="z">no2015050134</subfield>
  </datafield>
  <datafield tag="035" ind1=" " ind2=" ">
    <subfield code="a">(OCoLC)oca10149739</subfield>
  </datafield>
  <datafield tag="040" ind1=" " ind2=" ">
    <subfield code="a">UOr</subfield>
    <subfield code="b">eng</subfield>
    <subfield code="e">rda</subfield>
    <subfield code="c">UOr</subfield>
    <subfield code="d">DLC</subfield>
  </datafield>
  <datafield tag="100" ind1="1" ind2=" ">
    <subfield code="a">Hammill, Elizabeth</subfield>
  </datafield>
  <datafield tag="370" ind1=" " ind2=" ">
    <subfield code="a">United States</subfield>
    <subfield code="f">Newcastle upon Tyne (England)</subfield>
    <subfield code="e">Jesmond (Newcastle upon Tyne, England)</subfield>
    <subfield code="f">New York (N.Y.)</subfield>
    <subfield code="2">naf</subfield>
  </datafield>
  <datafield tag="372" ind1=" " ind2=" ">
    <subfield code="a">Bookstores</subfield>
    <subfield code="a">Criticism</subfield>
    <subfield code="a">Children's books</subfield>
    <subfield code="a">Authorship</subfield>
    <subfield code="a">British literature</subfield>
    <subfield code="a">Children's literature</subfield>
    <subfield code="a">Charities</subfield>
    <subfield code="a">Journalism</subfield>
    <subfield code="a">Editorials</subfield>
    <subfield code="2">lcsh</subfield>
  </datafield>
  <datafield tag="373" ind1=" " ind2=" ">
    <subfield code="a">Northern Children's Book Festival</subfield>
  </datafield>
  <datafield tag="373" ind1=" " ind2=" ">
    <subfield code="a">Seven Stories, the National Centre for Children's Books</subfield>
  </datafield>
  <datafield tag="373" ind1=" " ind2=" ">
    <subfield code="a">University of Newcastle upon Tyne</subfield>
    <subfield code="a">Mount Holyoke College</subfield>
    <subfield code="2">naf</subfield>
  </datafield>
  <datafield tag="374" ind1=" " ind2=" ">
    <subfield code="a">Authors</subfield>
    <subfield code="a">Book collectors</subfield>
    <subfield code="a">Teachers</subfield>
    <subfield code="a">Journalists</subfield>
    <subfield code="a">Booksellers and bookselling</subfield>
    <subfield code="2">lcsh</subfield>
  </datafield>
  <datafield tag="375" ind1=" " ind2=" ">
    <subfield code="a">female</subfield>
  </datafield>
  <datafield tag="377" ind1=" " ind2=" ">
    <subfield code="a">eng</subfield>
  </datafield>
  <datafield tag="670" ind1=" " ind2=" ">
    <subfield code="a">Over the hills and far away, 2015:</subfield>
    <subfield code="b">title page (Elizabeth Hammill) back flap (Elizabeth Hammill is a critic and bookseller, as well as cofounder of Seven Stories, Britain's National Centre for Children's Books)</subfield>
  </datafield>
  <datafield tag="670" ind1=" " ind2=" ">
    <subfield code="a">thejournal.co.uk, via WWW, 20 March 2015:</subfield>
    <subfield code="b">Elizabeth Hammill's labour of love finally makes the book shops, 7 October 2014 (Elizabeth Hammill, born in America but resident for many years in Jesmond, Elizabeth was awarded an honorary doctorate by Newcastle University in 2006 and an honorary OBE the following year; a social work intern in Harlem when she was a student in the 1960s; moved to Britain with her parents, met her husband and moved to New York where she taught dyslexic children; returned to Britain and was on the parents' committee at West Jesmond Primary School where she started up a school bookshop;  helped to organize the first Northern Children's Book Festival and set up a literary magazine for teenagers by teenagers; with Jay Maudslay, Newcastle City Council's chief education advisor whowas killed in Thailand when a hotel collapsed, and then with Mary Briggs, Elizabeth set in train the sequence of events that would lead to the opening in 2005 of Seven Stories.)</subfield>
  </datafield>
  <datafield tag="670" ind1=" " ind2=" ">
    <subfield code="a">sevenstories.org.uk, via WWW, 20 March 2015:</subfield>
    <subfield code="b">(Elizabeth Hammill; Seven Stories was founded as a charity in 1996 by Elizabeth Hammill and Mary Briggs. They recognized Britain needed an institution whose mission was to collect, champion and celebrate its children's literature; national status was awarded at the end of 2012, National Center for Children's Books.)</subfield>
  </datafield>
  <datafield tag="670" ind1=" " ind2=" ">
    <subfield code="a">lovereading4kids.co.uk, via WWW, 20 March 2015:</subfield>
    <subfield code="b">(Elizabeth Hammill was a primary teacher in New York City, a book-loving mother of two sons, and a nationally recognized children's bookseller in Newcastle upon Tyne; lectured at Newcastle University; edited a unique literary magazine In brief : by teenagers for teenagers (1989-1998) and has reviewed and written features for many of the top children's literature journals in the UK; was awarded an honorary Doctorate by Newcastle University in 2006, an honorary OBE in 2007, and an Alumnae Achievement Award by her American alma mater Mount Holyoke College in 2009 for her services to children's literature; she and her husband live in Newcastle upon Tyne.)</subfield>
  </datafield>
</record>